<record xmlns="http://www.loc.gov/MARC21/slim" xmlns:xsi="http://www.w3.org/2001/XMLSchema-instance" xsi:schemaLocation="http://www.loc.gov/MARC21/slim http://www.loc.gov/standards/marcxml/schema/MARC21slim.xsd">

  <leader>00417nam a2200145Ia 4500</leader>
  <controlfield tag="008">160107b1992    A  ||||| |||| 00| | spa d</controlfield>
  <datafield ind2=" " tag="020" ind1=" ">
    <subfield code="a">0209500404036</subfield>
  </datafield>
  <datafield tag="090" ind2=" " ind1=" ">
    <subfield code="a">136.7 </subfield>
    <subfield code="b">P579ep</subfield>
  </datafield>
  <datafield ind2=" " tag="100" ind1="1">
    <subfield code="9">639</subfield>
    <subfield code="a">Piaget, Jean</subfield>
  </datafield>
  <datafield tag="245" ind2="0" ind1="1">
    <subfield code="a">Estudios de psicología genética</subfield>
  </datafield>
  <datafield tag="260" ind2=" " ind1=" ">
    <subfield code="a">Buenos Aires, Argentina : </subfield>
    <subfield code="b">Emecé Editores, </subfield>
    <subfield code="c">1992</subfield>
  </datafield>
  <datafield ind1=" " tag="300" ind2=" ">
    <subfield code="a">155 páginas</subfield>
  </datafield>
  <datafield tag="650" ind2="4" ind1="1">
    <subfield code="a">PSICOLOGÍA DEL DESARROLLO</subfield>
    <subfield code="9">1264</subfield>
  </datafield>
  <datafield ind2=" " tag="942" ind1=" ">
    <subfield code="2">z</subfield>
    <subfield code="c">01</subfield>
  </datafield>
  <datafield tag="999" ind2=" " ind1=" ">
    <subfield code="c">318</subfield>
    <subfield code="d">318</subfield>
  </datafield>
</record>